@article{ding2017temporal,
  title={Temporal modulations in speech and music},
  author={Ding, Nai and Patel, Aniruddh D and Chen, Lin and Butler, Henry and Luo, Cheng and Poeppel, David},
  journal={Neuroscience \& Biobehavioral Reviews},
  volume={81},
  pages={181--187},
  year={2017},
  publisher={Elsevier}
}

@inproceedings{mozer1996,
 author = {Attias, Hagai and Schreiner, Christoph},
 booktitle = {Advances in Neural Information Processing Systems},
 editor = {M.C. Mozer and M. Jordan and T. Petsche},
 pages = {},
 publisher = {MIT Press},
 title = {Temporal Low-Order Statistics of Natural Sounds},
 url = {https://proceedings.neurips.cc/paper_files/paper/1996/file/dc4c44f624d600aa568390f1f1104aa0-Paper.pdf},
 volume = {9},
 year = {1996}
}

@article{decoensel2003,
author = {De Coensel, Bert and Botteldooren, Dick and Muer, Tom},
year = {2003},
month = {03},
pages = {287-295},
title = {1/f Noise in Rural and Urban Soundscapes},
volume = {89},
isbn = {1436-7947},
journal = {Acta Acust. United Acust.}
}

@article{voss1975,
author = {Voss, Richard and Clarke, John},
year = {1975},
month = {10},
pages = {317--318},
title = {`1/fnoise' in music and speech},
volume = {258},
journal = {Nature},
doi = {10.1038/258317a0}
}

@article{singh2003modulation,
  title={Modulation spectra of natural sounds and ethological theories of auditory processing},
  author={Singh, Nandini C and Theunissen, Fr{\'e}d{\'e}ric E},
  journal={The Journal of the Acoustical Society of America},
  volume={114},
  number={6},
  pages={3394--3411},
  year={2003},
  publisher={Acoustical Society of America}
}

@article{houtgast1985review,
  title={A review of the MTF concept in room acoustics and its use for estimating speech intelligibility in auditoria},
  author={Houtgast, Tammo and Steeneken, Herman JM},
  journal={The Journal of the Acoustical Society of America},
  volume={77},
  number={3},
  pages={1069--1077},
  year={1985},
  publisher={Acoustical Society of America}
}

@article{chi1999spectro,
  title={Spectro-temporal modulation transfer functions and speech intelligibility},
  author={Chi, Taishih and Gao, Yujie and Guyton, Matthew C and Ru, Powen and Shamma, Shihab},
  journal={The Journal of the Acoustical Society of America},
  volume={106},
  number={5},
  pages={2719--2732},
  year={1999},
  publisher={Acoustical Society of America}
}

@article{greenberg1999speaking,
  title={Speaking in shorthand--A syllable-centric perspective for understanding pronunciation variation},
  author={Greenberg, Steven},
  journal={Speech Communication},
  volume={29},
  number={2-4},
  pages={159--176},
  year={1999},
  publisher={Elsevier}
}

@article{greenberg2003temporal,
  title={Temporal properties of spontaneous speech—a syllable-centric perspective},
  author={Greenberg, Steven and Carvey, Hannah and Hitchcock, Leah and Chang, Shuangyu},
  journal={Journal of Phonetics},
  volume={31},
  number={3-4},
  pages={465--485},
  year={2003},
  publisher={Elsevier}
}

@article{goswami2013speech,
  title={Speech rhythm and temporal structure: converging perspectives?},
  author={Goswami, Usha and Leong, Victoria},
  journal={Laboratory Phonology},
  volume={4},
  number={1},
  pages={67--92},
  year={2013},
  publisher={De Gruyter}
}

@article{corso1959age,
  title={Age and sex differences in pure-tone thresholds},
  author={Corso, John F},
  journal={The journal of the Acoustical Society of America},
  volume={31},
  number={4},
  pages={498--507},
  year={1959},
  publisher={Acoustical Society of America}
}

@article{lapsley2004longitudinal,
  title={A longitudinal study of changes in evoked otoacoustic emissions and pure-tone thresholds as measured in a hearing conservation program},
  author={Lapsley Miller, Judi A and Marshall, Lynne and Heller, Laurie M},
  journal={International journal of audiology},
  volume={43},
  number={6},
  pages={307--322},
  year={2004},
  publisher={Taylor \& Francis}
}

@article{gorga2006using,
  title={Using a combination of click-and tone burst--evoked auditory brain stem response measurements to estimate pure-tone thresholds},
  author={Gorga, Michael P and Johnson, Tiffany A and Kaminski, Jan R and Beauchaine, Kathryn L and Garner, Cassie A and Neely, Stephen T},
  journal={Ear and hearing},
  volume={27},
  number={1},
  pages={60--74},
  year={2006},
  publisher={LWW}
}

@article{熊彬彬2023纯音听阈值正常的中青年耳鸣群体耳蜗功能分析,
  title={纯音听阈值正常的中青年耳鸣群体耳蜗功能分析},
  author={熊彬彬 and 卢子昂 and 杨晶 and 徐文强 and 周潞茹 and 孙平原 and 袁丁 and 朱佳浩},
  journal={山东大学耳鼻喉眼学报},
  volume={37},
  number={4},
  pages={62--67},
  year={2023}
}

@article{周娜2017听力正常成人短音,
  title={听力正常成人短音 ABR 阈值与纯音听阈的关系研究},
  author={周娜 and 赵艳萍 and 姚子明 and 马芙蓉},
  journal={中华耳科学杂志},
  volume={15},
  number={2},
  pages={153--156},
  year={2017}
}

@article{olsho1988pure,
  title={Pure-tone sensitivity of human infants},
  author={Olsho, Lynne Werner and Koch, Elizabeth G and Carter, Elizabeth A and Halpin, Christopher F and Spetner, Nancy B},
  journal={The Journal of the Acoustical Society of America},
  volume={84},
  number={4},
  pages={1316--1324},
  year={1988},
  publisher={Acoustical Society of America}
}

@article{杨小萍2008不同听力水平听性稳态反应阈值与纯音测听阈值比较,
  title={不同听力水平听性稳态反应阈值与纯音测听阈值比较},
  author={杨小萍 and 范利华 and 周晓蓉},
  journal={法医学杂志},
  number={5},
  pages={321},
  year={2008}
}

@article{carhart1959preferred,
  title={Preferred method for clinical determination of pure-tone thresholds},
  author={Carhart, Raymond and Jerger, James F},
  journal={Journal of speech and hearing disorders},
  volume={24},
  number={4},
  pages={330--345},
  year={1959},
  publisher={American Speech-Language-Hearing Association}
}

@article{aoyagi1994pure,
  title={Pure-tone threshold prediction by 80-Hz amplitude-modulation following response},
  author={Aoyagi, Masaru and Kiren, Teruo and Furuse, Hidekazu and Fuse, Takeo and Suzuki, Yutaka and Yokota, Masashi and Koike, Yoshio},
  journal={Acta Oto-Laryngologica},
  volume={114},
  number={sup511},
  pages={7--14},
  year={1994},
  publisher={Taylor \& Francis}
}

@article{small1959pure,
  title={Pure-tone masking},
  author={Small Jr, Arnold M},
  journal={The Journal of the Acoustical Society of America},
  volume={31},
  number={12},
  pages={1619--1625},
  year={1959},
  publisher={Acoustical Society of America}
}

@article{李薇2014噪声中纯音听辨能力的训练效应,
  title={噪声中纯音听辨能力的训练效应},
  author={李薇 and 孟子厚},
  journal={应用声学},
  number={1},
  pages={45--52},
  year={2014}
}

@article{wood1973computerized,
  title={Computerized pure-tone audiometric procedures},
  author={Wood, Thomas J and Wittich, Walter W and Mahaffey, Robert B},
  journal={Journal of Speech and Hearing Research},
  volume={16},
  number={4},
  pages={676--684},
  year={1973},
  publisher={American Speech-Language-Hearing Association}
}

@article{schmuziger2004test,
  title={Test-retest reliability of pure-tone thresholds from 0.5 to 16 kHz using Sennheiser HDA 200 and Etymotic Research ER-2 earphones},
  author={Schmuziger, Nicolas and Probst, Rudolf and Smurzynski, Jacek},
  journal={Ear and hearing},
  volume={25},
  number={2},
  pages={127--132},
  year={2004},
  publisher={LWW}
}

@article{brant1990age,
  title={Age changes in pure-tone hearing thresholds in a longitudinal study of normal human aging},
  author={Brant, Larry J and Fozard, James L},
  journal={The Journal of the Acoustical Society of America},
  volume={88},
  number={2},
  pages={813--820},
  year={1990},
  publisher={Acoustical Society of America}
}

@article{pedersen1989changes,
  title={Changes in pure-tone thresholds in individuals aged 70-81: results from a longitudinal study},
  author={Pedersen, Kai E and Rosenhall, Ulf and Metier, Margareta B},
  journal={Audiology},
  volume={28},
  number={4},
  pages={194--204},
  year={1989},
  publisher={Taylor \& Francis}
}

@article{jeffreys1961theory,
  title={Theory of probability (3rd edt.) oxford university press},
  author={Jeffreys, H},
  journal={MR0187257},
  volume={432},
  year={1961}
}

@article{watson2017quest+,
  title={QUEST+: A general multidimensional Bayesian adaptive psychometric method},
  author={Watson, Andrew B},
  journal={Journal of Vision},
  volume={17},
  number={3},
  pages={10--10},
  year={2017},
  publisher={The Association for Research in Vision and Ophthalmology}
}

@article{fletcher1940auditory,
  title={Auditory patterns},
  author={Fletcher, Harvey},
  journal={Reviews of modern physics},
  volume={12},
  number={1},
  pages={47},
  year={1940},
  publisher={APS}
}

@article{patterson1976auditory,
  title={Auditory filter shapes derived with noise stimuli},
  author={Patterson, Roy D},
  journal={The Journal of the Acoustical Society of America},
  volume={59},
  number={3},
  pages={640--654},
  year={1976},
  publisher={Acoustical Society of America}
}
