@article{ding2017temporal,
  title={Temporal modulations in speech and music},
  author={Ding, Nai and Patel, Aniruddh D and Chen, Lin and Butler, Henry and Luo, Cheng and Poeppel, David},
  journal={Neuroscience \& Biobehavioral Reviews},
  volume={81},
  pages={181--187},
  year={2017},
  publisher={Elsevier}
}

@inproceedings{mozer1996,
 author = {Attias, Hagai and Schreiner, Christoph},
 booktitle = {Advances in Neural Information Processing Systems},
 editor = {M.C. Mozer and M. Jordan and T. Petsche},
 pages = {},
 publisher = {MIT Press},
 title = {Temporal Low-Order Statistics of Natural Sounds},
 url = {https://proceedings.neurips.cc/paper_files/paper/1996/file/dc4c44f624d600aa568390f1f1104aa0-Paper.pdf},
 volume = {9},
 year = {1996}
}

@article{decoensel2003,
author = {De Coensel, Bert and Botteldooren, Dick and Muer, Tom},
year = {2003},
month = {03},
pages = {287-295},
title = {1/f Noise in Rural and Urban Soundscapes},
volume = {89},
isbn = {1436-7947},
journal = {Acta Acust. United Acust.}
}

@article{voss1975,
author = {Voss, Richard and Clarke, John},
year = {1975},
month = {10},
pages = {317--318},
title = {`1/fnoise' in music and speech},
volume = {258},
journal = {Nature},
doi = {10.1038/258317a0}
}

@article{singh2003modulation,
  title={Modulation spectra of natural sounds and ethological theories of auditory processing},
  author={Singh, Nandini C and Theunissen, Fr{\'e}d{\'e}ric E},
  journal={The Journal of the Acoustical Society of America},
  volume={114},
  number={6},
  pages={3394--3411},
  year={2003},
  publisher={Acoustical Society of America}
}

@article{houtgast1985review,
  title={A review of the MTF concept in room acoustics and its use for estimating speech intelligibility in auditoria},
  author={Houtgast, Tammo and Steeneken, Herman JM},
  journal={The Journal of the Acoustical Society of America},
  volume={77},
  number={3},
  pages={1069--1077},
  year={1985},
  publisher={Acoustical Society of America}
}

@article{chi1999spectro,
  title={Spectro-temporal modulation transfer functions and speech intelligibility},
  author={Chi, Taishih and Gao, Yujie and Guyton, Matthew C and Ru, Powen and Shamma, Shihab},
  journal={The Journal of the Acoustical Society of America},
  volume={106},
  number={5},
  pages={2719--2732},
  year={1999},
  publisher={Acoustical Society of America}
}

@article{greenberg1999speaking,
  title={Speaking in shorthand--A syllable-centric perspective for understanding pronunciation variation},
  author={Greenberg, Steven},
  journal={Speech Communication},
  volume={29},
  number={2-4},
  pages={159--176},
  year={1999},
  publisher={Elsevier}
}

@article{greenberg2003temporal,
  title={Temporal properties of spontaneous speechâ€”a syllable-centric perspective},
  author={Greenberg, Steven and Carvey, Hannah and Hitchcock, Leah and Chang, Shuangyu},
  journal={Journal of Phonetics},
  volume={31},
  number={3-4},
  pages={465--485},
  year={2003},
  publisher={Elsevier}
}

@article{goswami2013speech,
  title={Speech rhythm and temporal structure: converging perspectives?},
  author={Goswami, Usha and Leong, Victoria},
  journal={Laboratory Phonology},
  volume={4},
  number={1},
  pages={67--92},
  year={2013},
  publisher={De Gruyter}
}
