@article{jin2018eye,
  title={Eye activity tracks task-relevant structures during speech and auditory sequence perception},
  author={Jin, Peiqing and Zou, Jiajie and Zhou, Tao and Ding, Nai},
  journal={Nature communications},
  volume={9},
  number={1},
  pages={5374},
  year={2018},
  publisher={Nature Publishing Group UK London}
}